<?xml version="1.0" encoding="UTF-8"?><collection xmlns="http://www.loc.gov/MARC21/slim"><record><leader>00550nam--2200181-i-4500</leader><controlfield tag="001">000008353</controlfield><controlfield tag="002">20161230</controlfield><controlfield tag="005">20161230201027</controlfield><controlfield tag="008">060222s1000------------r-----000-0-eng-d</controlfield><datafield ind1=" " ind2=" " tag="040"><subfield code="a">IFIN-HH</subfield></datafield><datafield ind1=" " ind2=" " tag="080"><subfield code="a">523</subfield></datafield><datafield ind1="1" ind2=" " tag="110"><subfield code="a">Cospar, Vienna</subfield></datafield><datafield ind1="1" ind2="0" tag="245"><subfield code="a">Reports of national institutions on space research activities. presented at the 9th plenary meeting of cospar, vienna, austria may 1966</subfield><subfield code="b">Volume i</subfield></datafield><datafield ind1=" " ind2=" " tag="260"><subfield code="a">Paris</subfield><subfield code="b">Cospar</subfield><subfield code="c">1967</subfield></datafield><datafield ind1=" " ind2=" " tag="300"><subfield code="a">534P</subfield></datafield><datafield ind1=" " ind2=" " tag="490"><subfield code="a">Cospar Transactions</subfield><subfield code="v">No.1</subfield></datafield><datafield ind1=" " ind2=" " tag="852"><subfield code="a">27981</subfield><subfield code="c">523</subfield></datafield><datafield ind1=" " ind2=" " tag="CAT"><subfield code="a">Sys</subfield><subfield code="c">20130829</subfield><subfield code="h">112836</subfield></datafield></record></collection>